@manual{träge,
	organization = {TU Dortmund, Fakultät Physik},
	title = {Anleitung zu Versuch 101,
			 Das Trägheitsmoment},
	year = 2022
}
@manual{magnetisch,
	organization = {TU Dortmund, Fakultät Physik},
	title = {Anleitung zu Versuch 105,
			 Das Magnetische Moment},
	year = 2022
}
@manual{wärme,
	organization = {\mbox{TU Dortmund}, Fakultät Physik},
	title = {Anleitung zu Versuch 203,
			 Verdampfungswärme und Dampfdruckkurve},
	year = 2022
}
@manual{pumpe,
	organization = {TU Dortmund, Fakultät Physik},
	title = {Anleitung zu Versuch 206,
			 Die Wärmepumpe},
	year = 2022
}
@manual{viskos,
	organization = {TU Dortmund, Fakultät Physik},
	title = {Anleitung zu Versuch 207,
			 Das Kugelfall\hspace{0.3ex}-\hspace{-0.3ex}Viskosimeter nach Höppler},
	year = 2022
}
@manual{brücke,
	organization = {TU Dortmund, Fakultät Physik},
	title = {Anleitung zu Versuch 302,
			 Elektrische Brückenschaltungen},
	year = 2022
}
@manual{lock-in,
	organization = {TU Dortmund, Fakultät Physik},
	title = {Anleitung zu Versuch 303,
			 Der Lock\hspace{0.15ex}-\hspace{-0.15ex}In\hspace{0.15ex}-\hspace{-0.45ex}Verstärker},
	year = 2022
}
@manual{fourier,
	organization = {TU Dortmund, Fakultät Physik},
	title = {Anleitung zu Versuch 351,
			 Fourier-Analyse und Synthese},
	year = 2022
}
@manual{relax,
	organization = {TU Dortmund, Fakultät Physik},
	title = {Anleitung zu Versuch 353,
			 Das Relaxationsverhalten eines RC\hspace{0.15ex}-\hspace{-0.1ex}Kreises},
	year = 2022
}
@manual{reflex,
	organization = {TU Dortmund, Fakultät Physik},
	title = {Anleitung zu Versuch 400,
			 Reflexion, Brechung und Beugung},
	year = 2023
}
@manual{michelson,
	organization = {TU Dortmund, Fakultät Physik},
	title = {Anleitung zu Versuch 401,
			 Das Michelson-Interferometer},
	year = 2023
}
@manual{fresnel,
	organization = {TU Dortmund, Fakultät Physik},
	title = {Anleitung zu Versuch 407,
			 Fresnelsche Formeln},
	year = 2023
}
@manual{photo,
	organization = {TU Dortmund, Fakultät Physik},
	title = {Anleitung zu Versuch 500,
			 Der Photoeffekt},
	year = 2023
}
@manual{millikan,
	organization = {TU Dortmund, Fakultät Physik},
	title = {Anleitung zu Versuch 503,
			 Der Millikan-Öltröpfchenversuch},
	year = 2023
}
@manual{elektron,
	organization = {TU Dortmund, Fakultät Physik},
	title = {Anleitung zu Versuch 504,
			 Thermische Elektronenemission},
	year = 2023
}
@manual{franck,
	organization = {TU Dortmund, Fakultät Physik},
	title = {Anleitung zu Versuch 601,
			 Der Franck-Hertz Versuch},
	year = 2023
}
@manual{röntgen,
	organization = {TU Dortmund, Fakultät Physik},
	title = {Anleitung zu Versuch 602,
			 Röntgenemission und -absorption},
	year = 2023
}
@manual{paramagnet,
	organization = {TU Dortmund, Fakultät Physik},
	title = {Anleitung zu Versuch 606,
			 Suszeptibilität paramagnetischer Stoffe},
	year = 2023
}
@manual{alpha,
	organization = {TU Dortmund, Fakultät Physik},
	title = {Anleitung zu Versuch 701,
			 Reichweite von Alpha-Strahlung},
	year = 2023
}
@manual{neutron,
	organization = {TU Dortmund, Fakultät Physik},
	title = {Anleitung zu Versuch 702,
			 Aktivierung mit Neutronen},
	year = 2023
}
@manual{geiger,
	organization = {TU Dortmund, Fakultät Physik},
	title = {Anleitung zu Versuch 703,
			 Das Geiger-Müller Zählrohr},
	year = 2023
}
@manual{scan,
	organization = {TU Dortmund, Fakultät Physik},
	title = {Anleitung zu Ultraschall 1,
			 Scanverfahren mit Ultraschall},
	year = 2023
}
@manual{doppler,
	organization = {TU Dortmund, Fakultät Physik},
	title = {Anleitung zu Ultraschall 3,
			 Dopplersonographie},
	year = 2023
}
@manual{unsicher,
	organization = {TU Dortmund, Fakultät Physik},
	title = {Formelsammlung zur Berechnung von Messunsicherheiten},
	year = 2022
}
@online{phys_const,
	url 			= {https://physics.nist.gov/cuu/Constants/Table/allascii.txt},
	title 			= {Fundamental Physical Constants},
	year			= {2018},
	organization	= {National Institute of Standards {and} Technology},
}
@online{c_cl2_f2,
	url				= {https://webbook.nist.gov/cgi/inchi/InChI%3D1S/CCl2F2/c2-1(3%2C4)5},
	title			= {Dichlorodif\hspace{0.1ex}luoromethane},
	year			= {2021},
	organization	= {National Institute of Standards {and} Technology},
}
@online{h2_o,
	url				= {https://webbook.nist.gov/cgi/inchi/InChI%3D1S/H2O/h1H2},
	title			= {Water},
	year			= {2021},
	organization	= {National Institute of Standards {and} Technology},
}
@book{ste_mal_compounds,
	title		= {Handbook of the Thermodynamics of Organic Compounds},
	author		= {Stephenson, Richard M. and Malanowski, Stanislaw},
	doi			= {10.1007/978-94-009-3173-2},
	publisher	= {Elsevier Science Publishing},
	isbn		= {978-94-009-3173-2},
	year		= {1987},
}
@book{dem_exp_1,
	title		= {Experimentalphysik 1},
	subtitle	= {Mechanik und Wärme},
	author		= {Demtröder, Wolfgang},
	series		= {Springer-Lehrbuch},
	doi			= {https://doi.org/10.1007/978-3-662-62728-0},
	publisher	= {Springer Spektrum Berlin, Heidelberg},
	isbn		= {978-3-662-62728-0},
	edition		= {9},
	year		= {2021,}
}
@book{kohl_prak_1,
	title		= {Praktische Physik},
	author		= {Kohlrausch, Friedrich},
	volume		= {1},
	edition		= {24},
	publisher	= {Teubner},
	year		= {1996},
}
@inbook{dem_exp_1_8,
	title			= {Strömende Flüssigkeiten und Gase},
	author			= {Demtröder, Wolfgang},
	chapter			= {8},
	booktitle		= {Experimentalphysik 1},
	booksubtitle	= {Mechanik und Wärme},
	bookauthor		= {Wolfgang Demtröder},
	series			= {Springer-Lehrbuch},
	doi				= {https://doi.org/10.1007/978-3-662-62728-0},
	publisher		= {Springer Spektrum Berlin, Heidelberg},
	isbn			= {978-3-662-62728-0},
	edition			= {9},
	year			= {2021},
}
@inbook{kohl_prak_1_dens,
	title		= {Dichte von luftfreiem Wasser bei \qty{101.325}{\kilo\pascal} als Funktion der Celsiustemperatur},
	author		= {Spieweck, Frank},
	chapter		= {3: Wärme},
	booktitle	= {Praktische Physik},
	bookauthor	= {Kohlrausch, Friedrich},
	volume		= {1},
	edition		= {24},
	publisher	= {Teubner},
	pages		= {349--350},
	year		= {1996},
}
@inbook{kohl_prak_1_prop,
	title 		= {\hspace{-0.3ex}Verschiedene Eigenschaften von Wasser und Wasserdampf bei \qty{0.1}{\mega\pascal}},
	author		= {Blanke, Walter},
	chapter		= {3: Wärme},
	booktitle	= {Praktische Physik},
	bookauthor	= {Kohlrausch, Friedrich},
	volume		= {1},
	edition		= {24},
	publisher	= {Teubner},
	pages		= {351},
	year = {1996},
}
@article{hop_riv_work_function,
	doi			= {10.1088/0370-1328/81/3/129},
	url			= {https://dx.doi.org/10.1088/0370-1328/81/3/129},
	year		= {1963},
	month		= {mar},
	publisher	= {},
	volume		= {81},
	number		= {3},
	pages		= {590-592},
	author		= {B. J. Hopkins and J. C. Rivière},
	title		= {The Work Function of Polycrystalline Tungsten Foil},
	journal		= {Proceedings of the Physical Society},
	abstract	= {}
}
@article{str_mac_swa_work_function,
	title		= {Work function measurements by the field emission retarding potential method},
	journal		= {Surface Science},
	volume		= {34},
	number		= {2},
	pages		= {225-248},
	year		= {1973},
	issn		= {0039-6028},
	doi			= {https://doi.org/10.1016/0039-6028(73)90117-9},
	url			= {https://www.sciencedirect.com/science/article/pii/0039602873901179},
	author		= {R.W. Strayer and W. Mackie and L.W. Swanson},
	abstract	= {Using the field emission retarding potential method true work functions have been measured for the following
					monocrystalline substrates: W(110), W(111), W(100), Nb(100), Ni(100), Cu(100), Ir(110) and Ir(111). The
					electron elastic and inelastic reflection coefficients from several of these surfaces have also been examined
					near zero primary beam energy.}
}
